
@misc{noauthor_portafoglio_nodate,
	title = {Portafoglio in “{Dizionario} di {Economia} e {Finanza}” },
	url = {http://www.treccani.it//enciclopedia/portafoglio_(Dizionario-di-Economia-e-Finanza)},
	abstract = {Il portafoglio in economia e finanza
	Nell’economia e nella finanza è un termine di largo uso. Indica un aggregato di elementi omogenei, rilevanti per le attività di un’impresa. La casistica è molto ricca. Si va dal portafoglio ordini, che è l’insieme degli ordini della clientela di un’azienda di produzione in attesa di esecuzione, al portafoglio progetti, che definisce il complesso dei progetti potenzialmente realizzabili da un’impresa; dal portafoglio clienti, che considera tutti i clien},
	language = {it-IT},
	urldate = {2020-07-20},
	note = {Library Catalog: www.treccani.it},
	file = {Snapshot:C\:\\Users\\Monica\\Zotero\\storage\\BSKVLI9A\\portafoglio_(Dizionario-di-Economia-e-Finanza).html:text/html}
}


@misc{noauthor_normal_nodate,
	title = {Normal ({Gaussian}) {Distribution} - 1.70.0},
	url = {https://www.boost.org/doc/libs/1_70_0/libs/math/doc/html/math_toolkit/dist_ref/dists/normal_dist.html},
	urldate = {2020-10-22},
	file = {Normal (Gaussian) Distribution - 1.70.0:C\:\\Users\\Monica\\Zotero\\storage\\I6RVSXJZ\\normal_dist.html:text/html}
}

@misc{noauthor_distribuzione_nodate,
	title = {Distribuzione di probabilità in "{Dizionario} di {Economia} e {Finanza}"},
	url = {http://www.treccani.it//enciclopedia/distribuzione-di-probabilita_(Dizionario-di-Economia-e-Finanza)},
	abstract = {distribuzione di probabilità  Concetto strettamente legato a quello di variabile aleatoria (➔). In termini intuitivi, una variabile aleatoria è una variabile che può assumere valori diversi in corrispondenza di eventi casuali diversi. Data una variabile aleatoria X, la sua distribuzione di probabilita di distribuzione di probabilita è la funzione che a un insieme di valori possibili di X associa la rispettiva probabilità (➔), secondo una regola precisa. Di seguito si riportano i principali modi},
	language = {it-IT},
	urldate = {2020-07-22},
	note = {Library Catalog: www.treccani.it},
	file = {Snapshot:C\:\\Users\\Monica\\Zotero\\storage\\8KJRAUAT\\distribuzione-di-probabilita_(Dizionario-di-Economia-e-Finanza).html:text/html}
}


@article{markowitz_portfolio_1978,
	title = {Portfolio selection},
	journal = {Wily, New York},
	author = {Markowitz, Harry M.},
	year = {1978},
	file = {Full Text:C\:\\Users\\Monica\\Zotero\\storage\\F8QZUNXC\\Markowitz - 1978 - Portfolio selection.pdf:application/pdf}
}


@misc{noauthor_portfolio_nodate,
	title = {Portfolio selection: efficient diversification of investments},
	author = {Markowitz, Harry M.},
	url = {https://www.google.com/search?source=hp&ei=sYcJX7-FN4qkUrXJofAN&q=Portfolio+selection%3A+efficient+diversification+of+investments&oq=Portfolio+selection%3A+efficient+diversification+of+investments&gs_lcp=CgZwc3ktYWIQAzICCAAyAggAMgYIABAWEB4yBggAEBYQHjIGCAAQFhAeMgYIABAWEB4yBggAEBYQHjIGCAAQFhAeMgYIABAWEB4yBggAEBYQHlCgC1igC2DMEGgBcAB4AIABZ4gBZ5IBAzAuMZgBAKABAqABAaoBB2d3cy13aXqwAQA&sclient=psy-ab&ved=0ahUKEwj_oanW8sTqAhUKkhQKHbVkCN4Q4dUDCAg&uact=5},
	urldate = {2020-07-11},
	file = {Portfolio selection\: efficient diversification of investments - Cerca con Google:C\:\\Users\\Monica\\Zotero\\storage\\7D7K25DX\\search.html:text/html}
}


@misc{noauthor_sveriges_nodate,
	title = {The {Sveriges} {Riksbank} {Prize} in {Economic} {Sciences} in {Memory} of {Alfred} {Nobel} 1990},
	url = {https://www.nobelprize.org/prizes/economic-sciences/1990/ceremony-speech/},
	abstract = {The Sveriges Riksbank Prize in Economic Sciences in Memory of Alfred Nobel 1990 was awarded jointly to Harry M. Markowitz, Merton H. Miller and William F. Sharpe "for their pioneering work in the theory of financial economics".},
	language = {en-US},
	urldate = {2020-07-11},
	journal = {NobelPrize.org},
	note = {Library Catalog: www.nobelprize.org},
	file = {Snapshot:C\:\\Users\\Monica\\Zotero\\storage\\KLI2ZX88\\ceremony-speech.html:text/html}
}



@misc{noauthor_variance_nodate,
	title = {Variance - {How} would you explain covariance to someone who understands only the mean?},
	url = {https://stats.stackexchange.com/questions/18058/how-would-you-explain-covariance-to-someone-who-understands-only-the-mean},
	urldate = {2020-10-21},
	journal = {Cross Validated},
	file = {Snapshot:C\:\\Users\\Monica\\Zotero\\storage\\YI3FH78M\\how-would-you-explain-covariance-to-someone-who-understands-only-the-mean.html:text/html}
}


@misc{noauthor_scatter_nodate,
	title = {The {Scatter} {Plot} as a {QC} {Tool} for {Quality} {Professionals}},
	url = {https://www.cqeacademy.com/cqe-body-of-knowledge/continuous-improvement/quality-control-tools/the-scatter-plot-linear-regression/},
	abstract = {A complete how to guide on Scatter Plots that includes topics such as Correlation, Line of Best Fit, the R Value and a quiz to test your knowledge!},
	language = {en-US},
	urldate = {2020-10-21},
	journal = {CQE Academy},
	file = {Snapshot:C\:\\Users\\Monica\\Zotero\\storage\\NF4MAK5J\\the-scatter-plot-linear-regression.html:text/html}
}

@article{kritzman_what_1991,
	title = {What {Practitioners} {Need} to {Know}… {The} {Nobel} {Prize}},
	volume = {47},
	number = {1},
	journal = {Financial Analysts Journal},
	author = {Kritzman, Mark},
	year = {1991},
	note = {Publisher: Taylor \& Francis},
	pages = {10--15},
	file = {Full Text:C\:\\Users\\Monica\\Zotero\\storage\\EZK4482U\\OpenURL.html:text/html;Snapshot:C\:\\Users\\Monica\\Zotero\\storage\\GEGLX6LR\\faj.v47.n1.html:text/html}
}



@article{tobin_liquidity_1958,
	title = {Liquidity preference as behavior towards risk},
	volume = {25},
	number = {2},
	journal = {The review of economic studies},
	author = {Tobin, James},
	year = {1958},
	note = {Publisher: JSTOR},
	pages = {65--86},
	file = {Full Text:C\:\\Users\\Monica\\Zotero\\storage\\INMCTC8R\\Tobin - 1958 - Liquidity preference as behavior towards risk.pdf:application/pdf;Snapshot:C\:\\Users\\Monica\\Zotero\\storage\\I9MYD23S\\2296205.html:text/html}
}

@book{damodaran_investment_2002,
	title = {Investment {Valuation}: {Tools} and {Techniques} for {Determining} the {Value} of {Any} {Asset}},
	isbn = {978-0-471-41490-2},
	shorttitle = {Investment {Valuation}},
	abstract = {Investment Valuation  Tools and Techniques for Determining the Value of Any Asset  Valuation is at the heart of every investment decision, whether that decision is to buy, sell, or hold. But the pricing of any financial asset has become a more complex task in modern financial markets. Now completely revised and fully updated to reflect changing market conditions, Investment Valuation, Second Edition, provides expert instruction on how to value virtually any type of asset-stocks, bonds, options, futures, real assets, and much more.  Noted valuation authority and acclaimed NYU finance professor Aswath Damodaran uses real-world examples and the most current valuation tools, as he guides you through the theory and application of valuation models and highlights their strengths and weaknesses.  Expanded coverage addresses: * Valuation of unconventional assets, financial service firms, start-ups, private companies, dot-coms, and many other traditionally valued assets * Risk in foreign countries and how best to deal with it * Using real option theory and option pricing models in valuing business and equity * The models used to value different types of assets and the elements of these models * How to choose the right model for any given asset valuation scenario * Online real-time valuations that are continually updated at www.damodaran.com  A perfect guide for those who need to know more about the tricky business of valuation, Investment Valuation, Second Edition, will be a valuable asset for anyone learning about this critical part of the investment process.},
	language = {en},
	publisher = {John Wiley \& Sons},
	author = {Damodaran, Aswath},
	month = jan,
	year = {2002},
	note = {Google-Books-ID: sLQhYjndgwEC},
	keywords = {Business \& Economics / Corporate Finance / Valuation, Business \& Economics / Economics / General, Business \& Economics / General, Business \& Economics / Investments \& Securities / General}
}



@book{ho_oxford_2004,
	title = {The {Oxford} {Guide} to {Financial} {Modeling}: {Applications} for {Capital} {Markets}, {Corporate} {Finance}, {Risk} {Management} and {Financial} {Institutions}},
	isbn = {978-0-19-972770-4},
	shorttitle = {The {Oxford} {Guide} to {Financial} {Modeling}},
	abstract = {The essential premise of this book is that theory and practice are equally important in describing financial modeling. In it the authors try to strike a balance in their discussions between theories that provide foundations for financial models and the institutional details that provide the context for applications of the models. The book presents the financial models of stock and bond options, exotic options, investment grade and high-yield bonds, convertible bonds, mortgage-backed securities, liabilities of financial institutions--the business model and the corporate model. It also describes the applications of the models to corporate finance. Furthermore, it relates the models to financial statements, risk management for an enterprise, and asset/liability management with illiquid instruments. The financial models are progressively presented from option pricing in the securities markets to firm valuation in corporate finance, following a format to emphasize the three aspects of a model: the set of assumptions, the model specification, and the model applications. Generally, financial modeling books segment the world of finance as "investments," "financial institutions," "corporate finance," and "securities analysis," and in so doing they rarely emphasize the relationships between the subjects. This unique book successfully ties the thought processes and applications of the financial models together and describes them as one process that provides business solutions. Created as a companion website to the book readers can visit www.thomasho.com to gain deeper understanding of the book's financial models. Interested readers can build and test the models described in the book using Excel, and they can submit their models to the site. Readers can also use the sit\`Es forum to discuss the models and can browse server based models to gain insights into the applications of the models. For those using the book in meetings or class settings the site provides Power Point descriptions of the chapters. Students can use available question banks on the chapters for studying.},
	language = {en},
	publisher = {Oxford University Press},
	author = {Ho, Thomas S. Y. and Lee, Sang Bin},
	month = jan,
	year = {2004},
	note = {Google-Books-ID: ND2aoovv9W0C},
	keywords = {Business \& Economics / Corporate Finance / General, Business \& Economics / Finance / General, Mathematics / Mathematical Analysis}
}



@book{damodaran_finanza_2015,
	title = {Finanza aziendale. {Applicazioni} per il management},
	isbn = {978-88-916-1337-0},
	abstract = {La quarta edizione italiana di "Applied Corporate Finance" conserva le qualità che hanno assicurato il successo del libro nel corso degli anni, sia tra gli studenti (universitari e post-laurea) che tra i manager. Sono caratteristiche distintive del volume la chiarezza dello schema concettuale, la capacità di tradurre la teoria in prassi manageriale, il costante riferimento a esempi applicativi reali, il continuo aggiornamento per dare conto degli sviluppi teorici e delle trasformazioni dell'ambiente finanziario. Grazie all'intervento del coautore italiano, il volume è interamente adattato alla realtà del nostro Paese. In ciascun capitolo sono state inserite opportune integrazioni; inoltre, il riferimento a un caso di studio italiano fornisce lo spunto per riflettere sulla tipicità delle nostre imprese in materia di governance, regolamentazione e fiscalità.},
	language = {it},
	publisher = {Maggioli Editore},
	author = {Damodaran, Aswath and Roggi, Oliviero},
	year = {2015},
	note = {Google-Books-ID: CI0iCwAAQBAJ},
	keywords = {Business \& Economics / Corporate Finance / General}
}


@book{jain_financial_2007,
	title = {Financial {Management}},
	isbn = {978-0-07-065614-7},
	language = {en},
	publisher = {Tata McGraw-Hill Education},
	author = {Jain, Khan \&},
	month = may,
	year = {2007},
	note = {Google-Books-ID: N9V34rWEOGcC}
}

@book{jain_financial_2007,
	title = {Financial {Management}},
	isbn = {978-0-07-065614-7},
	language = {en},
	publisher = {Tata McGraw-Hill Education},
	author = {Jain, Khan \&},
	month = may,
	year = {2007},
	note = {Google-Books-ID: N9V34rWEOGcC}
}


@article{fama_capital_2004,
	title = {The capital asset pricing model: {Theory} and evidence},
	volume = {18},
	shorttitle = {The capital asset pricing model},
	number = {3},
	journal = {Journal of economic perspectives},
	author = {Fama, Eugene F. and French, Kenneth R.},
	year = {2004},
	pages = {25--46}
}


%APT%

@book{ross_return_1973,
	title = {Return, risk and arbitrage},
	publisher = {Rodney L. White Center for Financial Research, The Wharton School …},
	author = {Ross, Stephen A.},
	year = {1973},
	file = {Full Text:C\:\\Users\\Monica\\Zotero\\storage\\5K3KE4FA\\Ross - 1973 - Return, risk and arbitrage.pdf:application/pdf}
}


@incollection{ross_arbitrage_2013,
	title = {The arbitrage theory of capital asset pricing},
	booktitle = {Handbook of the fundamentals of financial decision making: {Part} {I}},
	publisher = {World Scientific},
	author = {Ross, Stephen A.},
	year = {2013},
	pages = {11--30},
	file = {Full Text:C\:\\Users\\Monica\\Zotero\\storage\\QWAGGFEE\\Ross - 2013 - The arbitrage theory of capital asset pricing.pdf:application/pdf;Snapshot:C\:\\Users\\Monica\\Zotero\\storage\\R7JFA53Z\\9789814417358_0001.html:text/html}
}


@incollection{dybvig_arbitrage_1989,
	address = {London},
	series = {The {New} {Palgrave}},
	title = {Arbitrage},
	isbn = {978-1-349-20213-3},
	url = {https://doi.org/10.1007/978-1-349-20213-3_4},
	abstract = {An arbitrage opportunity is an investment strategy that gurantees a positive payoff in some contingency with no possibility of a negative payoff and with no net investment. By assumption, it is possible to run the arbitrage possibility at arbitrary scale; in other words, an arbitrage opportunity represents a money pump. A simple example of arbitrage is the opportunity to borrow and lend costlessly at two different fixed rates of interest. Such a disparity between the two rates cannot persist: arbitrageurs will drive the rate together.},
	language = {en},
	urldate = {2020-07-17},
	booktitle = {Finance},
	publisher = {Palgrave Macmillan UK},
	author = {Dybvig, Philip H. and Ross, Stephen A.},
	editor = {Eatwell, John and Milgate, Murray and Newman, Peter},
	year = {1989},
	doi = {10.1007/978-1-349-20213-3_4},
	keywords = {Asset Price, Capital Structure, Martingale Measure, Option Price, Risk Premium},
	pages = {57--71}
}


@article{roll_empirical_1980,
	title = {An empirical investigation of the arbitrage pricing theory},
	volume = {35},
	number = {5},
	journal = {The Journal of Finance},
	author = {Roll, Richard and Ross, Stephen A.},
	year = {1980},
	note = {Publisher: Wiley Online Library},
	pages = {1073--1103},
	file = {Full Text:C\:\\Users\\Monica\\Zotero\\storage\\Q8U5X7A2\\Roll e Ross - 1980 - An empirical investigation of the arbitrage pricin.pdf:application/pdf;Snapshot:C\:\\Users\\Monica\\Zotero\\storage\\86ECU58L\\j.1540-6261.1980.tb02197.html:text/html}
}



@article{fama_common_1993,
	title = {Common risk factors in the returns on stocks and bonds},
	journal = {Journal of Financial Economics},
	author = {Fama, Eugene F. and French, Kenneth R.},
	year = {1993},
	file = {Full Text:C\:\\Users\\Monica\\Zotero\\storage\\PRLXKR4T\\Fama e French - 1993 - Common risk factors in the returns on stocks and b.pdf:application/pdf;Snapshot:C\:\\Users\\Monica\\Zotero\\storage\\L3W2V5KV\\books.html:text/html}
}


@article{fama_multifactor_1996,
	title = {Multifactor explanations of asset pricing anomalies},
	volume = {51},
	number = {1},
	journal = {The journal of finance},
	author = {Fama, Eugene F. and French, Kenneth R.},
	year = {1996},
	note = {Publisher: Wiley Online Library},
	pages = {55--84},
	file = {Snapshot:C\:\\Users\\Monica\\Zotero\\storage\\F2FQWPPV\\j.1540-6261.1996.tb05202.html:text/html}
}


@article{banz_relationship_1981,
	title = {The relationship between return and market value of common stocks},
	volume = {9},
	number = {1},
	journal = {Journal of financial economics},
	author = {Banz, Rolf W.},
	year = {1981},
	note = {Publisher: North-Holland},
	pages = {3--18},
	file = {Full Text:C\:\\Users\\Monica\\Zotero\\storage\\JSQ98RFL\\Banz - 1981 - The relationship between return and market value o.pdf:application/pdf}
}


@article{basu_investment_1977,
	title = {Investment performance of common stocks in relation to their price-earnings ratios: {A} test of the efficient market hypothesis},
	volume = {32},
	shorttitle = {Investment performance of common stocks in relation to their price-earnings ratios},
	number = {3},
	journal = {The journal of Finance},
	author = {Basu, Sanjoy},
	year = {1977},
	note = {Publisher: Wiley Online Library},
	pages = {663--682},
	file = {Full Text:C\:\\Users\\Monica\\Zotero\\storage\\W8DAZJ9D\\Basu - 1977 - Investment performance of common stocks in relatio.pdf:application/pdf;Snapshot:C\:\\Users\\Monica\\Zotero\\storage\\WI5QRY6S\\j.1540-6261.1977.tb01979.html:text/html}
}

@article{basu_relationship_1983,
	title = {The relationship between earnings' yield, market value and return for {NYSE} common stocks: {Further} evidence},
	volume = {12},
	shorttitle = {The relationship between earnings' yield, market value and return for {NYSE} common stocks},
	number = {1},
	journal = {Journal of financial economics},
	author = {Basu, Sanjoy},
	year = {1983},
	note = {Publisher: Elsevier},
	pages = {129--156},
	file = {Snapshot:C\:\\Users\\Monica\\Zotero\\storage\\D43R2FZ9\\0304405X83900314.html:text/html}
}


@article{de_bondt_does_1985,
	title = {Does the stock market overreact?},
	volume = {40},
	number = {3},
	journal = {The Journal of finance},
	author = {De Bondt, Werner FM and Thaler, Richard},
	year = {1985},
	note = {Publisher: Wiley Online Library},
	pages = {793--805},
	file = {Snapshot:C\:\\Users\\Monica\\Zotero\\storage\\QEFH8CPV\\j.1540-6261.1985.tb05004.html:text/html}
}


@misc{noauthor_time_2019,
	title = {Time {Series} - {Cross}-sectional {Data} {Examples} {\textbar} {CFA} {Level} 1 - {AnalystPrep}},
	url = {https://analystprep.com/cfa-level-1-exam/quantitative-methods/time-series-data-vs-cross-sectional-data/},
	abstract = {Time-series data refers to a set of observations taken over a given period of time at specific and equally-spaced time intervals},
	language = {en-US},
	urldate = {2020-07-30},
	journal = {AnalystPrep {\textbar} CFA® Exam Study Notes},
	month = oct,
	year = {2019},
	note = {Library Catalog: analystprep.com
	Section: Quantitative Methods},
	file = {Snapshot:C\:\\Users\\Monica\\Zotero\\storage\\7YQUVH4P\\time-series-data-vs-cross-sectional-data.html:text/html}
}


@article{fama_cross-section_1992,
	title = {The cross-section of expected stock returns},
	volume = {47},
	number = {2},
	journal = {the Journal of Finance},
	author = {Fama, Eugene F. and French, Kenneth R.},
	year = {1992},
	note = {Publisher: Wiley Online Library},
	pages = {427--465}
}



@misc{noauthor_kenneth_nodate,
	title = {Kenneth {R}. {French} - {Data} {Library}},
	url = {http://mba.tuck.dartmouth.edu/pages/faculty/ken.french/data_library.html},
	urldate = {2020-09-22},
	file = {Kenneth R. French - Data Library:C\:\\Users\\Monica\\Zotero\\storage\\W3I4ANKA\\data_library.html:text/html}
}


@book{noauthor_economia_2020,
	title = {Economia del mercato mobiliare},
	isbn = {978-1-307-53244-9},
	language = {Inglese},
	publisher = {McGraw-Hill Education},
	month = jan,
	year = {2020}
}


@book{berk_finanza_2012,
	address = {Torino; Milano},
	title = {Finanza aziendale: 1},
	isbn = {978-88-7192-758-9},
	shorttitle = {Finanza aziendale},
	language = {Italiano},
	publisher = {Pearson},
	author = {Berk, Jonathan and Marzo, Peter De},
	month = oct,
	year = {2012}
}

@misc{noauthor_optimum_nodate,
	title = {{OPTIMUM} {PORTFOLIO} {SELECTION}},
	url = {http://jrajeshsapm.blogspot.com/2017/02/optimum-portfolio-selection.html},
	urldate = {2020-10-25},
	journal = {OPTIMUM PORTFOLIO SELECTION},
	file = {Blogspot Snapshot:C\:\\Users\\Monica\\Zotero\\storage\\87P6HJ2I\\optimum-portfolio-selection.html:text/html}
}



@misc{noauthor_kapitalmarktlinie_2019,
	title = {Kapitalmarktlinie},
	copyright = {Creative Commons Attribution-ShareAlike License},
	url = {https://de.wikipedia.org/w/index.php?title=Kapitalmarktlinie&oldid=190515534},
	abstract = {Die Kapitalmarktlinie (KML, englisch Capital Market Line, CML) ist eine Beziehung aus der Kapitalmarkttheorie. Sie ist die erwartete (i.S. von beanspruchte) Rendite-Risiko-Kombination von effizienten Portfolios im Gleichgewicht. Auf der Kapitalmarktlinie liegen alle Risiko-Rendite-Kombinationen, die der Investor bereit ist zu akzeptieren. 
	Die Kapitalmarktlinie ist ein Baustein des Capital Asset Pricing Model, das eine Weiterentwicklung der Portfoliotheorie ist. Es wird dabei versucht, ein Gleichgewicht zwischen mehreren Marktteilnehmern zu ermitteln, wohingegen die Portfoliotheorie nur ein repräsentatives Individuum betrachtet. Die zentrale Gleichung des CAPM, die die erwarteten Renditen durch den jeweiligen Betafaktor erklärt, ist die Wertpapierlinie.},
	language = {de},
	urldate = {2020-10-25},
	journal = {Wikipedia},
	month = jul,
	year = {2019},
	note = {Page Version ID: 190515534},
	file = {Snapshot:C\:\\Users\\Monica\\Zotero\\storage\\52MQB9HY\\index.html:text/html}
}


@book{jain_financial_2007,
	title = {Financial {Management}},
	isbn = {978-0-07-065614-7},
	language = {en},
	publisher = {Tata McGraw-Hill Education},
	author = {Jain, Khan \&},
	month = may,
	year = {2007},
	note = {Google-Books-ID: N9V34rWEOGcC}
}
